@inproceedings{sylvan,
  title={Sylvan: Multi-core decision diagrams},
    author={van Dijk, Tom and van de Pol, Jaco},
      booktitle={International Conference on Tools and Algorithms for the Construction and Analysis of Systems},
        pages={677--691},
          year={2015},
            organization={Springer}
            }
@misc{mcc:2017,
Author = {F. Kordon and H. Garavel and L. M. Hillah and F. Hulin-Hubard and
    B. Berthomieu and G. Ciardo and M. Colange and S. {Dal Zilio} and
        E. Amparore and M. Beccuti and T. Liebke and J. Meijer and A. Miner and C. Rohr and J. Srba and Y. Thierry-Mieg and J. van de Pol and K. Wolf},
Howpublished = {{http://mcc.lip6.fr/2017/results.php}},
Lastchecked = {2017},
Month = {June},
Title = {{Complete Results for the 2017 Edition of the Model Checking Contest}},
Urldate = {2017},
Year = {2017}}





